%%%%%%%%%%%%%%%%%%%%%%%%%%%%%%%%%%%%%%%%%%%%%%%%%%%%%%%%%%%%%%%%%%%%%%%%%%%%%%%%
% BIBLIOGRAFÍA                                                                 %
%                                                                              %
% Objetivo: Recopilar las referencias a información utilizadas y/o algunas     %
%           otras que puedan resultar interesantes                             %
%%%%%%%%%%%%%%%%%%%%%%%%%%%%%%%%%%%%%%%%%%%%%%%%%%%%%%%%%%%%%%%%%%%%%%%%%%%%%%%%
@misc{mixtral,
      title={Mixtral of Experts}, 
      author={Albert Q. Jiang and Alexandre Sablayrolles and Antoine Roux and Arthur Mensch and Blanche Savary and Chris Bamford and Devendra Singh Chaplot and Diego de las Casas and Emma Bou Hanna and Florian Bressand and Gianna Lengyel and Guillaume Bour and Guillaume Lample and Lélio Renard Lavaud and Lucile Saulnier and Marie-Anne Lachaux and Pierre Stock and Sandeep Subramanian and Sophia Yang and Szymon Antoniak and Teven Le Scao and Théophile Gervet and Thibaut Lavril and Thomas Wang and Timothée Lacroix and William El Sayed},
      year={2024},
      eprint={2401.04088},
      archivePrefix={arXiv},
      primaryClass={cs.LG}
}
@online{CloudFlare,
    author = {Cloudflare, Inc},
    title = {¿Qué es un modelo lingüístico (LLM) grande?},
    year = {2024},
    url = {https://www.cloudflare.com/es-es/learning/ai/what-is-large-language-model/},
    urldate = {2024-04-26}
}
@inproceedings{inproceedings,
author = {Borja-Robalino, Ricardo and Monleon-Getino, Antonio and Benedé, Jose},
year = {2020},
month = {02},
pages = {},
title = {Estandarización de Métricas de Rendimiento para Clasificadores Machine y Deep Learning}
}

@article{bender2022generacion,
  title={Generaci{\'o}n Autom{\'a}tica de C{\'o}digo Fuente a trav{\'e}s de Modelos Preentrenados de Lenguaje, un an{\'a}lisis de la literatura},
  author={Bender, Adrian and Nicolet, Santiago and Folino, Pablo and Lopez, Juan Jos{\'e} and Hansen, Gustavo},
  journal={Memorias de las JAIIO},
  volume={8},
  number={1},
  pages={50--65},
  year={2022}
}

@online{IBM,
    author = {International Business Machines Corporation (IBM)},
    title = {¿Qué son las redes neuronales?},
    year = {2024},
    url = {https://www.ibm.com/es-es/topics/neural-networks},
    urldate = {2024-04-29}
}

@online{IBM_Fine,
    author = {International Business Machines Corporation (IBM)},
    title = {What is fine-tuning?},
    year = {2024},
    url = {https://www.ibm.com/topics/fine-tuning},
    urldate = {2024-04-29}
}

@online{GobiernoEspana_RAG,
    author = {Ministerio para la Transformación Digital y de la Función Pública, Gobierno de España},
    title = {RAG - Retrieval Augmented Generation: The key that unlocks the door to precision language models},
    year = {2024},
    url = {https://datos.gob.es/en/blog/rag-retrieval-augmented-generation-key-unlocks-door-precision-language-models},
    urldate = {2024-04-30}
}

@article{sachdeva2016scrum,
  title={Scrum Methodology},
  author={Sachdeva, Sakshi},
  journal={Int. J. Eng. Comput. Sci},
  volume={5},
  number={16792},
  pages={16792--16800},
  year={2016}
}
@article{diagramaGantt,
  title={Planificaci{\'o}n y programaci{\'o}n de operaciones},
  author={Terrazas Pastor, Rafael},
  journal={Revista Perspectivas},
  number={28},
  pages={7--32},
  year={2011},
  publisher={Universidad Cat{\'o}lica Boliviana San Pablo, Unidad Acad{\'e}mica Regional Cochabamba}
}
@phdthesis{tableroKanban,
  title={Integraci{\'o}n de tableros kanban en una herramienta que apoya la gesti{\'o}n {\'a}gil del trabajo},
  author={Jim{\'e}nez Izquierdo, Pablo},
  year={2019},
  school={Universitat Polit{\`e}cnica de Val{\`e}ncia}
}
@online{APIOpenApi,
    author = {OpenAI},
    title = {Pricing},
    year = {2024},
    url = {https://openai.com/api/pricing},
    urldate = {2024-05-03}
}
@article{TheVault,
  title={The Vault: A Comprehensive Multilingual Dataset for Advancing Code Understanding and Generation},
  author={Manh, Dung Nguyen and Hai, Nam Le and Dau, Anh TV and Nguyen, Anh Minh and Nghiem, Khanh and Guo, Jin and Bui, Nghi DQ},
  journal={arXiv preprint arXiv:2305.06156},
  year={2023},
  url={https://github.com/FSoft-AI4Code/TheVault}
}
@misc{GPT-3.5,
      title={A Comprehensive Capability Analysis of GPT-3 and GPT-3.5 Series Models}, 
      author={Junjie Ye and Xuanting Chen and Nuo Xu and Can Zu and Zekai Shao and Shichun Liu and Yuhan Cui and Zeyang Zhou and Chao Gong and Yang Shen and Jie Zhou and Siming Chen and Tao Gui and Qi Zhang and Xuanjing Huang},
      year={2023},
      eprint={2303.10420},
      archivePrefix={arXiv},
      primaryClass={cs.CL}
}
@online{GobiernoEspana_Parquet,
    author = {Ministerio para la Transformación Digital y de la Función Pública, Gobierno de España},
   title = {¿Por qu\'e deber\'ias de usar ficheros Parquet si procesas muchos datos?},
    year = {2024},
    url = {https://datos.gob.es/es/blog/por-que-deberias-de-usar-ficheros-parquet-si-procesas-muchos-datos},
    urldate = {2024-05-15}
}
@online{Fine-tuning,
    author = {OpenAI},
   title = {Fine-tuning},
    year = {2024},
    url = {https://platform.openai.com/docs/guides/fine-tuning/preparing-your-dataset},
    urldate = {2024-05-15}
}
@online{Tokenizacion,
    author = {OpenAI},
   title = {Tokenización en ChatGPT},
    year = {2024},
    url = {https://chatgpt.es/tokenizacion-en-chatgpt/},
    year={2023},
    urldate = {2024-05-16}
}
@online{GitHubCopilot,
    author = {GitHub, Inc},
    title = {About GitHub Copilot Individual},
    year = {2024},
    url = {https://docs.github.com/en/copilot/copilot-individual/about-github-copilot-individual/},
    urldate = {2024-05-16}
}
@online{OpenAICodex,
    author = {OpenAI},
    title = {OpenAI Codex},
    year = {2024},
    url = {https://openai.com/index/openai-codex/},
    urldate = {2024-05-16}
}
@ARTICLE{IAGenerativa,
  author={Ebert, Christof and Louridas, Panos},
  journal={IEEE Software}, 
  title={Generative AI for Software Practitioners}, 
  year={2023},
  volume={40},
  number={4},
  pages={30-38},
  keywords={Productivity;Industries;Auditory system;Chatbots;Software engineering;Artificial intelligence;Artificial intelligence;Chatbots;Risk management},
  doi={10.1109/MS.2023.3265877}}

@online{GoogleColab,
    author = {Google LLC},
    title = {Colaboratory},
    year = {2024},
    url = {https://research.google.com/colaboratory/faq.html?authuser=3&hl=es},
    urldate = {2024-05-18}
}
@online{A100,
    author = {NVIDIA Corporation},
    title = {GPU NVIDIA A100 con Tensor Core},
    year = {2024},
    url = {https://www.nvidia.com/es-es/data-center/a100/},
    urldate = {2024-05-18}
}
@online{LMStudio,
    author = {LM Studio},
    title = {LM Studio},
    year = {2024},
    url = {https://lmstudio.ai/},
    urldate = {2024-05-18}
}
@misc{MistureExperts,
      title={Fast Inference of Mixture-of-Experts Language Models with Offloading}, 
      author={Artyom Eliseev and Denis Mazur},
      year={2023},
      eprint={2312.17238},
      archivePrefix={arXiv},
      primaryClass={cs.LG}
}
@misc{hassid2024larger,
      title={The Larger the Better? Improved LLM Code-Generation via Budget Reallocation}, 
      author={Michael Hassid and Tal Remez and Jonas Gehring and Roy Schwartz and Yossi Adi},
      year={2024},
      eprint={2404.00725},
      archivePrefix={arXiv},
      primaryClass={cs.SE}
}
@misc{estudio1,
      title={Large Language Model Evaluation Via Multi AI Agents: Preliminary results}, 
      author={Zeeshan Rasheed and Muhammad Waseem and Kari Systä and Pekka Abrahamsson},
      year={2024},
      eprint={2404.01023},
      archivePrefix={arXiv},
      primaryClass={cs.SE}
}
@misc{estudio2,
      title={Program Synthesis with Large Language Models}, 
      author={Jacob Austin and Augustus Odena and Maxwell Nye and Maarten Bosma and Henryk Michalewski and David Dohan and Ellen Jiang and Carrie Cai and Michael Terry and Quoc Le and Charles Sutton},
      year={2021},
      eprint={2108.07732},
      archivePrefix={arXiv},
      primaryClass={cs.PL}
}
@online{MixtralWebOficial,
    author = {Mistral AI},
    title = {Mixtral of experts},
    year = {2024},
    url = {https://mistral.ai/news/mixtral-of-experts/},
    urldate = {2024-05-25}
}
@online{Nomic,
    author = {Nomic AI},
    title = {Nomic Embeddings},
    year = {2024},
    url = {https://docs.nomic.ai/atlas/guides/embeddings},
    urldate = {2024-05-28}
}
@online{Chroma,
    author = {Chroma},
    title = {Chroma},
    year = {2023},
    url = {https://www.trychroma.com/},
    urldate = {2024-05-28}
}
@misc{ovadia2024finetuning,
      title={Fine-Tuning or Retrieval? Comparing Knowledge Injection in LLMs}, 
      author={Oded Ovadia and Menachem Brief and Moshik Mishaeli and Oren Elisha},
      year={2024},
      eprint={2312.05934},
      archivePrefix={arXiv},
      primaryClass={cs.AI}
}
@online{VSC,
    author = {Microsoft},
    title = {Visual Studio Code},
    year = {2024},
    url = {https://code.visualstudio.com/},
    urldate = {2024-05-30}
}
@online{Python,
    author = {Python Software Foundation},
    title = {Instalando módulos de Python},
    year = {2024},
    url = {https://docs.python.org/es/3.11/installing/index.html},
    urldate = {2024-05-30}
}
@online{HuggingFace,
    author = {{Hugging Face, Inc.}},
    title = {Hugging Face},
    year = {2024},
    url = {https://huggingface.co/},
    urldate = {2024-05-30}
}
@online{Pip,
    author = {Pip Developers},
    title = {Pip Documentation v24.0},
    year = {2024},
    url = {https://huggingface.co/},
    urldate = {2024-05-30}
}
@online{Transformers,
    author = {{Hugging Face, Inc.}},
    title = {Transformers},
    year = {2024},
    url = {https://huggingface.co/docs/transformers/v4.19.0/es/index},
    urldate = {2024-05-30}
}
@online{DataSets,
    author = {Python Software Foundation},
    title = {Datasets},
    year = {2024},
    url = {https://pypi.org/project/datasets/},
    urldate = {2024-05-30}
}
@misc{tlr,
    author = {Hugging Face, Inc.},
    title = {Transformers Library Documentation},
    year = {2024},
    url = {https://huggingface.co/docs/trl/index},
    note = {[Accedido el: Mayo 15, 2024]},
    urldate = {2024-06-06}
}
@online{Torch,
    author = {The Linux Foundation},
    title = {PyTorch},
    year = {2024},
    url = {https://pytorch.org//},
    urldate = {2024-05-30}
}
@online{Peft,
    author = {{Hugging Face, Inc.}},
    title = {PEFT},
    year = {2024},
    url = {https://huggingface.co/docs/peft/index},
    urldate = {2024-05-30}
}
@online{Nltk,
    author = {NLTK Project},
    title = {Natural Language Toolkit},
    year = {2023},
    url = {https://www.nltk.org/},
    urldate = {2024-05-30}
}
@online{SklearnMetrics,
    author = {Scikit-Learn Developers},
    title = {Metrics and scoring: quantifying the quality of predictions},
    year = {2024},
    url = {https://scikit-learn.org/stable/modules/model_evaluation.html},
    urldate = {2024-05-30}
}
@online{TensorBoard,
    author = {TensorFlow},
    title = {TensorBoard: el kit de herramientas de visualización de TensorFlow},
    year = {2024},
    url = {https://www.tensorflow.org/tensorboard?hl=es-419},
    urldate = {2024-05-30}
}
@online{Overleaf,
    author = {Overleaf},
    title = {Overleaf Guides},
    year = {2024},
    url = {https://www.overleaf.com/learn},
    urldate = {2024-05-30}
}
@misc{ResearchGate2024,
  author       = {{ResearchGate}},
  title        = {Development of a Neural Network Model for Staff Crime Information Tracking},
  howpublished = {Scientific Figure on ResearchGate},
  year         = {2024},
  note         = {Available from: \url{https://www.researchgate.net/figure/Deep-Neural-Networks-Source-IBM-https-wwwibmcom-topics-neural-networks_fig2_375058055} [Accedido el: Junio 6, 2024]}
}
@misc{vaswani2023attention,
      title={Attention Is All You Need}, 
      author={Ashish Vaswani and Noam Shazeer and Niki Parmar and Jakob Uszkoreit and Llion Jones and Aidan N. Gomez and Lukasz Kaiser and Illia Polosukhin},
      year={2023},
      eprint={1706.03762},
      archivePrefix={arXiv},
      primaryClass={cs.CL}
}
@misc{AusumScrum2024,
  author = {{Ausum}},
  title = {Scrum: La Metodología Ágil Más Popular en Empresas},
  year = {2024},
  howpublished = {Ausum Cloud},
  note = {Disponible en: \url{https://ausum.cloud/scrum-metodologia-agil-mas-popular-en-empresas/}},
}
@misc{Mercity2024FineTuning,
  author = {{Mercity}},
  title = {Guide to Fine-Tuning LLMs with LoRA and QLoRA},
  year = {2024},
  howpublished = {Blog Post on Mercity AI},
  note = {Disponible en: \url{https://www.mercity.ai/blog-post/guide-to-fine-tuning-llms-with-lora-and-qlora} [Accedido en: Junio 6, 2024]},
}
@misc{Elmo2024Mixtral,
  author = {Elmo92},
  title = {Mixtral 8x22b: A New Open Source Mixture of Experts LLM},
  year = {2024},
  howpublished = {Medium},
  note = {Disponible en: \url{https://medium.com/@elmo92/mixtral-8x22b-a-new-open-source-mixture-of-experts-llm-5e258ad3cba6} [Accedido el: Junio 6, 2024]},
}
@article{embedding,
author = {González, Trina and Zerpa, Carlos},
year = {2014},
month = {01},
pages = {127-143},
title = {Multimedia tutorial to manage formal aspects of Research papers},
volume = {8},
journal = {Eduweb}
}
@misc{LangChainAI2023,
  author = {{LangChain AI}},
  title = {Tweet del 15 de marzo de 2023},
  year = {2023},
  howpublished = {Twitter},
  note = {Disponible en: \url{https://x.com/LangChainAI/status/1753149741599428926} [Accedido el: Mayo 26, 2024]},
}
@misc{Celik2023,
  author = {Çelik, Mustafa},
  title = {Prompting vs. RAGs vs. Fine-tuning},
  year = {2023},
  howpublished = {LinkedIn Post},
  note = {Disponible en: \url{https://www.linkedin.com/posts/celikmustafa89_prompting-vs-rags-vs-finetuning-activity-7163883877051154432-iVry} [Accedido el: Mayo 28, 2024]},
}
@misc{GDPR2023,
  author = {{Comisi{\'o}n Europea}},
  title = {Protecci{\'o}n de datos personales (GDPR)},
  howpublished = {\url{https://europa.eu/youreurope/business/dealing-with-customers/data-protection/data-protection-gdpr/index_es.htm}},
  note = {Accedido el 9 de junio de 2024},
  year = 2024
}
@misc{GitHubDocs2024,
  author = {GitHub},
  title = {GitHub Docs},
  year = {2024},
  howpublished = {\url{https://docs.github.com/es}},
  note = {Accedido el 9 de junio de 2024}
}
@misc{ISO27001,
  author = {{Norma ISO 27001}},
  title = {Todo sobre la Norma ISO 27001},
  year = {2024},
  url = {https://normaiso27001.es/},
  note = {Accedido el 9 de junio de 2024}
}
@misc{ISO25010,
  author = {{ISO 25000}},
  title = {ISO 25010: Sistemas y calidad del software},
  year = {2024},
  url = {https://iso25000.com/index.php/normas-iso-25000/iso-25010},
  note = {Accedido el 9 de junio de 2024}
}
@misc{TrustArc2024,
  author = {{TrustArc}},
  title = {Privacy Certification Standards},
  year = {2024},
  url = {https://trustarc.com/consumer-information/privacy-certification-standards/},
  note = {Accedido el 9 de junio de 2024}
}
@misc{CMMIInstitute2024,
  author = {{CMMI Institute}},
  title = {CMMI Institute: Advancing Organizational Capability Worldwide},
  year = {2024},
  url = {https://www.cmmiinstitute.com/},
  note = {Accedido el 9 de junio de 2024}
}
@misc{ISO31000_2024,
  author = {{International Organization for Standardization (ISO)}},
  title = {ISO 31000:2018 - Gestión de riesgos -- Directrices},
  year = {2024},
  url = {https://www.iso.org/obp/ui#iso:std:iso:31000:ed-2:v1:es},
  note = {Accedido el 9 de junio de 2024}
}
@misc{PCIDSS2024,
  author = {{PCI Security Standards Council}},
  title = {PCI Security Standards},
  year = {2024},
  url = {https://www.pcisecuritystandards.org/minisite/es-es/},
  note = {Accedido el 9 de junio de 2024}
}



